<?xml version="1.0" encoding="UTF-8"?><record xmlns="http://www.loc.gov/MARC21/slim" xmlns:cinclude="http://apache.org/cocoon/include/1.0" xmlns:zs="http://www.loc.gov/zing/srw/">
  <leader>00527nz  a2200145n  4500</leader>
  <controlfield tag="001">nr 98041228 </controlfield>
  <controlfield tag="003">DLC</controlfield>
  <controlfield tag="005">19981117051711.6</controlfield>
  <controlfield tag="008">981113n| acannaab|           n aaa     c</controlfield>
  <datafield tag="010" ind1=" " ind2=" ">
    <subfield code="a">nr 98041228 </subfield>
  </datafield>
  <datafield tag="040" ind1=" " ind2=" ">
    <subfield code="a">CaQMCCA</subfield>
    <subfield code="c">CaQMCCA</subfield>
  </datafield>
  <datafield tag="100" ind1="1" ind2="0">
    <subfield code="a">Merrill, Theodor,</subfield>
    <subfield code="d">1891-1978</subfield>
  </datafield>
  <datafield tag="670" ind1=" " ind2=" ">
    <subfield code="a">Theodor Merrill, Architekt, KoĚln, 1920.</subfield>
  </datafield>
  <datafield tag="670" ind1=" " ind2=" ">
    <subfield code="a">Thieme-Becker</subfield>
    <subfield code="b">(Merrill, Theodor E.; b. May 9, 1891 in KoĚln; trained in Ithaca, N.Y. and Aachen)</subfield>
  </datafield>
  <datafield tag="670" ind1=" " ind2=" ">
    <subfield code="a">RLIN ARF, Nov. 13, 1998</subfield>
    <subfield code="b">(Merrill, Theodor, 1891-1978; German architect, Cologne)</subfield>
  </datafield>
</record>